<?xml version="1.0" encoding="UTF-8"?><record xmlns="http://www.loc.gov/MARC21/slim" xmlns:cinclude="http://apache.org/cocoon/include/1.0" xmlns:zs="http://www.loc.gov/zing/srw/">
  <leader>01285cz  a2200181n  4500</leader>
  <controlfield tag="001">no 93030691 </controlfield>
  <controlfield tag="003">DLC</controlfield>
  <controlfield tag="005">20120804084118.0</controlfield>
  <controlfield tag="008">931013n| acannaab           |a ana     c</controlfield>
  <datafield tag="010" ind1=" " ind2=" ">
    <subfield code="a">no 93030691 </subfield>
  </datafield>
  <datafield tag="040" ind1=" " ind2=" ">
    <subfield code="a">CLU</subfield>
    <subfield code="b">eng</subfield>
    <subfield code="c">CLU</subfield>
    <subfield code="d">DLC</subfield>
  </datafield>
  <datafield tag="111" ind1="2" ind2=" ">
    <subfield code="a">International Conference on African Literature and the English Language</subfield>
  </datafield>
  <datafield tag="411" ind1="2" ind2=" ">
    <subfield code="a">Conference on African Literature and the English Language, International</subfield>
  </datafield>
  <datafield tag="411" ind1="2" ind2=" ">
    <subfield code="a">ICALEL</subfield>
  </datafield>
  <datafield tag="511" ind1="2" ind2=" ">
    <subfield code="w">a</subfield>
    <subfield code="a">University of Calabar International Conference on African Literature and the English Language</subfield>
  </datafield>
  <datafield tag="667" ind1=" " ind2=" ">
    <subfield code="a">THIS 1XX FIELD CANNOT BE USED UNDER RDA UNTIL THIS RECORD HAS BEEN REVIEWED AND/OR UPDATED</subfield>
  </datafield>
  <datafield tag="670" ind1=" " ind2=" ">
    <subfield code="a">Its (9th : 1989 : University of Calabar). African literature and African historical experiences, 1991:</subfield>
    <subfield code="b">p. viii, etc.  (May 1981 the University of Calabar hosted its first "International Conference on African Literature and the English Language" now simply known as ICALEL (International Conference on African Literature and the English Language))</subfield>
  </datafield>
  <datafield tag="675" ind1=" " ind2=" ">
    <subfield code="a">University of Calabar International Conference on African Literature and the English Language (8th : 1988). Literature and Black aesthetics, 1990: p. viii, etc. (University of Calabar Eighth International Conference on African Literature and the English Language; ICALEL)</subfield>
  </datafield>
</record>